<?xml version="1.0" encoding="utf-8"?>
<record xmlns="http://www.loc.gov/MARC21/slim" xmlns:xsi="http://www.w3.org/2001/XMLSchema-instance" xsi:schemaLocation="http://www.loc.gov/MARC21/slim http://www.loc.gov/standards/marcxml/schema/MARC21slim.xsd">
	<leader>     nam a22        4500</leader>
	<controlfield tag="001">001684894</controlfield>
	<controlfield tag="003">NNU</controlfield>
	<controlfield tag="006">m        d        </controlfield>
	<controlfield tag="007">cr cn |||m|||a</controlfield>
	<controlfield tag="008">160802s1963    iq a    o     000 0 ara  </controlfield>
	<datafield ind1=" " ind2=" " tag="040">
		<subfield code="a">NNU</subfield>
		<subfield code="b">eng</subfield>
		<subfield code="e">rda</subfield>
		<subfield code="c">NNU</subfield>
	</datafield>
	<datafield ind1=" " ind2="4" tag="050">
		<subfield code="a">G93</subfield>
		<subfield code="b">.D5 1923a</subfield>
	</datafield>
	<datafield ind1="1" ind2=" " tag="100">
		<subfield code="6">880-01</subfield>
		<subfield code="a">Dimashqī, Shams al-Dīn Muḥammad ibn Abī Ṭālib,</subfield>
		<subfield code="d">1256 or 1257-1327.</subfield>
	</datafield>
	<datafield ind1="1" ind2="0" tag="240">
		<subfield code="6">880-02</subfield>
		<subfield code="a">Nukhbat al-dahr fī ʻajāʼib al-barr wa-al-bahr</subfield>
	</datafield>
	<datafield ind1="1" ind2="0" tag="245">
		<subfield code="6">880-03</subfield>
		<subfield code="a">Nukhbat ad dahr fî ʼadschâʼib al barr wal bahr,</subfield>
		<subfield code="b">cosmographie</subfield>
		<subfield code="c">publ. par A. Mehren. Leipzig, O. Harrassowiz, 1923.</subfield>
	</datafield>
	<datafield ind1="3" ind2=" " tag="246">
		<subfield code="6">880-04</subfield>
		<subfield code="a">Nukhbat al-dahr fī ʻajāʼib al-barr wa-al-baḥr</subfield>
	</datafield>
	<datafield ind1=" " ind2=" " tag="260">
		<subfield code="6">880-05</subfield>
		<subfield code="a">[Baghdād] :</subfield>
		<subfield code="b">[Yuṭlabu min Maktabat al-Muthanná],</subfield>
		<subfield code="c">[1963?]</subfield>
	</datafield>
	<datafield ind1=" " ind2=" " tag="300">
		<subfield code="a">online resource (xc, 285 pages) :</subfield>
		<subfield code="b">illustrations</subfield>
	</datafield>
	<datafield ind1=" " ind2=" " tag="336">
		<subfield code="a">text</subfield>
		<subfield code="2">rdacontent</subfield>
	</datafield>
	<datafield ind1=" " ind2=" " tag="337">
		<subfield code="a">computer</subfield>
		<subfield code="2">rdamedia</subfield>
	</datafield>
	<datafield ind1=" " ind2=" " tag="338">
		<subfield code="a">online resource</subfield>
		<subfield code="2">rdacarrier</subfield>
	</datafield>
	<datafield ind1="1" ind2=" " tag="490">
		<subfield code="a">Collectio editinum rariorum orientalium noviter impressarum ;</subfield>
		<subfield code="v">2</subfield>
	</datafield>
	<datafield ind1=" " ind2=" " tag="500">
		<subfield code="a">Title from p. [ii].</subfield>
	</datafield>
	<datafield ind1=" " ind2=" " tag="500">
		<subfield code="a">At head of title: Ed-Dimichqui.</subfield>
	</datafield>
	<datafield ind1=" " ind2=" " tag="500">
		<subfield code="a">Cover title: Nukhbat al-dahr fī ʻajāʼib al-barr wa-al-barr wa-al-bahr, taʼlīf Shams al-Dīn Abī ʻAbd Allāh Muḥammad ibn Abī Ṭālib al-Anṣārī al-Dimashqī al-maʻrūf bi-Shaykh al-Rubwah.</subfield>
	</datafield>
	<datafield ind1=" " ind2=" " tag="500">
		<subfield code="a">Photocopy of the Leipzig ed., which is itself a photocopy of the original publication (St. Petersburg, 1866); t.p. of original publication omitted.</subfield>
	</datafield>
	<datafield ind1=" " ind2=" " tag="500">
		<subfield code="a">Part of the Arabic Collections Online (ACO) project, contributed by New York Univeristy Libraries.</subfield>
	</datafield>
	<datafield ind1=" " ind2=" " tag="533">
		<subfield code="a">Electronic reproduction.</subfield>
		<subfield code="b">New York, N.Y. :</subfield>
		<subfield code="c">New York University,</subfield>
		<subfield code="d">2016.</subfield>
		<subfield code="5">NNU</subfield>
	</datafield>
	<datafield ind1=" " ind2="0" tag="650">
		<subfield code="a">Geography, Medieval.</subfield>
	</datafield>
	<datafield ind1=" " ind2="7" tag="650">
		<subfield code="a">Geography, Medieval.</subfield>
		<subfield code="2">fast</subfield>
		<subfield code="0">(OCoLC)fst00940573</subfield>
	</datafield>
	<datafield ind1="1" ind2=" " tag="700">
		<subfield code="6">880-06</subfield>
		<subfield code="a">Mehren, A. F.</subfield>
		<subfield code="q">(August Ferdinand),</subfield>
		<subfield code="d">1822-1907.</subfield>
	</datafield>
	<datafield ind1="2" ind2=" " tag="710">
		<subfield code="a">New York University.</subfield>
		<subfield code="b">Libraries.</subfield>
	</datafield>
	<datafield ind1="0" ind2=" " tag="730">
		<subfield code="a">Arabic Collections Online.</subfield>
	</datafield>
	<datafield ind1="0" ind2="8" tag="776">
		<subfield code="i">Print version:</subfield>
		<subfield code="a">Dimashqī, Shams al-Dīn Muḥammad ibn Abī Ṭālib, 1256 or 1257-1327.</subfield>
		<subfield code="t">Nukhbat ad dahr fî ʼadschâʼib al barr wal bahr</subfield>
		<subfield code="w">(NNU)001684894</subfield>
		<subfield code="w">(DLC)ne 64002019</subfield>
	</datafield>
	<datafield ind1="4" ind2="0" tag="856">
		<subfield code="u">http://hdl.handle.net/2333.1/47d7wpj9</subfield>
	</datafield>
	<datafield ind1="1" ind2=" " tag="880">
		<subfield code="6">100-01/</subfield>
		<subfield code="a">دمشقي، شمس الدين محمد بن أبي طالب،</subfield>
		<subfield code="d">1256 or 1257-1327.</subfield>
	</datafield>
	<datafield ind1="1" ind2="0" tag="880">
		<subfield code="6">240-02/</subfield>
		<subfield code="a">نخبة الدهر في عجائب البر والبحر</subfield>
	</datafield>
	<datafield ind1="1" ind2="0" tag="880">
		<subfield code="6">245-03/</subfield>
		<subfield code="a">نخبة الدهر في عجائب البر والبحر /</subfield>
		<subfield code="c">تأليف شمس الدين أبي عبد الله محمد بن أبي طالب الأنصاري الدمشقي المعروف بشيخ الربوة.</subfield>
	</datafield>
	<datafield ind1="3" ind2=" " tag="880">
		<subfield code="6">246-04/</subfield>
		<subfield code="a">نخبة الدهر في عجائب البر والبحر</subfield>
	</datafield>
	<datafield ind1=" " ind2=" " tag="880">
		<subfield code="6">260-05/</subfield>
		<subfield code="a">[بغداد] :</subfield>
		<subfield code="b">[يطلب من مكتبة المثنى]،</subfield>
		<subfield code="c">[1963؟]</subfield>
	</datafield>
	<datafield ind1="1" ind2=" " tag="880">
		<subfield code="6">700-06/</subfield>
		<subfield code="a">مهرني، ميخائيل بن يحيى.</subfield>
	</datafield>
	<datafield ind1=" " ind2="0" tag="830">
		<subfield code="a">Collectio editinum rariorum orientalium noviter impressarum ;</subfield>
		<subfield code="v">2.</subfield>
	</datafield>
	<datafield ind1=" " ind2=" " tag="959">
		<subfield code="a">NNU</subfield>
		<subfield code="b">WEB</subfield>
		<subfield code="c">GENI</subfield>
		<subfield code="t">0</subfield>
		<subfield code="m">Electronic access</subfield>
		<subfield code="s">01</subfield>
	</datafield>
	<datafield ind1=" " ind2=" " tag="999">
		<subfield code="i">NNU_001684894</subfield>
		<subfield code="s">nyu_aco001136</subfield>
		<subfield code="e">(ERROR-880)</subfield>
	</datafield>
</record>
